@book{feynman,
    author    = "Raymnd A. Serway and Clement J. Moses and Curt A. Moyer",
    title     = "Modern Physics",
    year      = "2005",
    publisher = "David Harris",
    address   = "Belmont, CA"
}